%YAML 1.1
%TAG !u! tag:unity3d.com,2011:
--- !u!29 &1
OcclusionCullingSettings:
  m_ObjectHideFlags: 0
  serializedVersion: 2
  m_OcclusionBakeSettings:
    smallestOccluder: 5
    smallestHole: 0.25
    backfaceThreshold: 100
  m_SceneGUID: 00000000000000000000000000000000
  m_OcclusionCullingData: {fileID: 0}
--- !u!104 &2
RenderSettings:
  m_ObjectHideFlags: 0
  serializedVersion: 9
  m_Fog: 0
  m_FogColor: {r: 0.5, g: 0.5, b: 0.5, a: 1}
  m_FogMode: 3
  m_FogDensity: 0.01
  m_LinearFogStart: 0
  m_LinearFogEnd: 300
  m_AmbientSkyColor: {r: 0.212, g: 0.227, b: 0.259, a: 1}
  m_AmbientEquatorColor: {r: 0.114, g: 0.125, b: 0.133, a: 1}
  m_AmbientGroundColor: {r: 0.047, g: 0.043, b: 0.035, a: 1}
  m_AmbientIntensity: 1
  m_AmbientMode: 0
  m_SubtractiveShadowColor: {r: 0.42, g: 0.478, b: 0.627, a: 1}
  m_SkyboxMaterial: {fileID: 10304, guid: 0000000000000000f000000000000000, type: 0}
  m_HaloStrength: 0.5
  m_FlareStrength: 1
  m_FlareFadeSpeed: 3
  m_HaloTexture: {fileID: 0}
  m_SpotCookie: {fileID: 10001, guid: 0000000000000000e000000000000000, type: 0}
  m_DefaultReflectionMode: 0
  m_DefaultReflectionResolution: 128
  m_ReflectionBounces: 1
  m_ReflectionIntensity: 1
  m_CustomReflection: {fileID: 0}
  m_Sun: {fileID: 0}
  m_IndirectSpecularColor: {r: 0.18028352, g: 0.22571376, b: 0.30692244, a: 1}
  m_UseRadianceAmbientProbe: 0
--- !u!157 &3
LightmapSettings:
  m_ObjectHideFlags: 0
  serializedVersion: 11
  m_GIWorkflowMode: 0
  m_GISettings:
    serializedVersion: 2
    m_BounceScale: 1
    m_IndirectOutputScale: 1
    m_AlbedoBoost: 1
    m_EnvironmentLightingMode: 0
    m_EnableBakedLightmaps: 1
    m_EnableRealtimeLightmaps: 1
  m_LightmapEditorSettings:
    serializedVersion: 12
    m_Resolution: 2
    m_BakeResolution: 40
    m_AtlasSize: 1024
    m_AO: 0
    m_AOMaxDistance: 1
    m_CompAOExponent: 1
    m_CompAOExponentDirect: 0
    m_ExtractAmbientOcclusion: 0
    m_Padding: 2
    m_LightmapParameters: {fileID: 0}
    m_LightmapsBakeMode: 1
    m_TextureCompression: 1
    m_FinalGather: 0
    m_FinalGatherFiltering: 1
    m_FinalGatherRayCount: 256
    m_ReflectionCompression: 2
    m_MixedBakeMode: 2
    m_BakeBackend: 1
    m_PVRSampling: 1
    m_PVRDirectSampleCount: 32
    m_PVRSampleCount: 500
    m_PVRBounces: 2
    m_PVREnvironmentSampleCount: 500
    m_PVREnvironmentReferencePointCount: 2048
    m_PVRFilteringMode: 2
    m_PVRDenoiserTypeDirect: 0
    m_PVRDenoiserTypeIndirect: 0
    m_PVRDenoiserTypeAO: 0
    m_PVRFilterTypeDirect: 0
    m_PVRFilterTypeIndirect: 0
    m_PVRFilterTypeAO: 0
    m_PVREnvironmentMIS: 0
    m_PVRCulling: 1
    m_PVRFilteringGaussRadiusDirect: 1
    m_PVRFilteringGaussRadiusIndirect: 5
    m_PVRFilteringGaussRadiusAO: 2
    m_PVRFilteringAtrousPositionSigmaDirect: 0.5
    m_PVRFilteringAtrousPositionSigmaIndirect: 2
    m_PVRFilteringAtrousPositionSigmaAO: 1
    m_ExportTrainingData: 0
    m_TrainingDataDestination: TrainingData
  m_LightingDataAsset: {fileID: 0}
  m_UseShadowmask: 0
--- !u!196 &4
NavMeshSettings:
  serializedVersion: 2
  m_ObjectHideFlags: 0
  m_BuildSettings:
    serializedVersion: 2
    agentTypeID: 0
    agentRadius: 0.5
    agentHeight: 2
    agentSlope: 45
    agentClimb: 0.4
    ledgeDropHeight: 0
    maxJumpAcrossDistance: 0
    minRegionArea: 2
    manualCellSize: 0
    cellSize: 0.16666667
    manualTileSize: 0
    tileSize: 256
    accuratePlacement: 0
    debug:
      m_Flags: 0
  m_NavMeshData: {fileID: 0}
--- !u!1001 &113997799
PrefabInstance:
  m_ObjectHideFlags: 0
  serializedVersion: 2
  m_Modification:
    m_TransformParent: {fileID: 0}
    m_Modifications:
    - target: {fileID: 7260435413460373913, guid: 35dbc592f095936469839bcb33143f1f,
        type: 3}
      propertyPath: m_Name
      value: Template (1)
      objectReference: {fileID: 0}
    - target: {fileID: 7260435413460373913, guid: 35dbc592f095936469839bcb33143f1f,
        type: 3}
      propertyPath: m_IsActive
      value: 1
      objectReference: {fileID: 0}
    - target: {fileID: 7260435413460373914, guid: 35dbc592f095936469839bcb33143f1f,
        type: 3}
      propertyPath: m_LocalPosition.x
      value: 0
      objectReference: {fileID: 0}
    - target: {fileID: 7260435413460373914, guid: 35dbc592f095936469839bcb33143f1f,
        type: 3}
      propertyPath: m_LocalPosition.y
      value: 0
      objectReference: {fileID: 0}
    - target: {fileID: 7260435413460373914, guid: 35dbc592f095936469839bcb33143f1f,
        type: 3}
      propertyPath: m_LocalPosition.z
      value: 0
      objectReference: {fileID: 0}
    - target: {fileID: 7260435413460373914, guid: 35dbc592f095936469839bcb33143f1f,
        type: 3}
      propertyPath: m_LocalRotation.x
      value: 0
      objectReference: {fileID: 0}
    - target: {fileID: 7260435413460373914, guid: 35dbc592f095936469839bcb33143f1f,
        type: 3}
      propertyPath: m_LocalRotation.y
      value: 0
      objectReference: {fileID: 0}
    - target: {fileID: 7260435413460373914, guid: 35dbc592f095936469839bcb33143f1f,
        type: 3}
      propertyPath: m_LocalRotation.z
      value: 0
      objectReference: {fileID: 0}
    - target: {fileID: 7260435413460373914, guid: 35dbc592f095936469839bcb33143f1f,
        type: 3}
      propertyPath: m_LocalRotation.w
      value: 1
      objectReference: {fileID: 0}
    - target: {fileID: 7260435413460373914, guid: 35dbc592f095936469839bcb33143f1f,
        type: 3}
      propertyPath: m_RootOrder
      value: 4
      objectReference: {fileID: 0}
    - target: {fileID: 7260435413460373914, guid: 35dbc592f095936469839bcb33143f1f,
        type: 3}
      propertyPath: m_LocalEulerAnglesHint.x
      value: 0
      objectReference: {fileID: 0}
    - target: {fileID: 7260435413460373914, guid: 35dbc592f095936469839bcb33143f1f,
        type: 3}
      propertyPath: m_LocalEulerAnglesHint.y
      value: 0
      objectReference: {fileID: 0}
    - target: {fileID: 7260435413460373914, guid: 35dbc592f095936469839bcb33143f1f,
        type: 3}
      propertyPath: m_LocalEulerAnglesHint.z
      value: 0
      objectReference: {fileID: 0}
    - target: {fileID: 7260435413437655793, guid: 35dbc592f095936469839bcb33143f1f,
        type: 3}
      propertyPath: m_IsActive
      value: 1
      objectReference: {fileID: 0}
    - target: {fileID: 7260435414731481796, guid: 35dbc592f095936469839bcb33143f1f,
        type: 3}
      propertyPath: m_IsActive
      value: 1
      objectReference: {fileID: 0}
    m_RemovedComponents: []
  m_SourcePrefab: {fileID: 100100000, guid: 35dbc592f095936469839bcb33143f1f, type: 3}
--- !u!1 &291018639 stripped
GameObject:
  m_CorrespondingSourceObject: {fileID: 3306399073450156802, guid: 7e09a6cdba2e8314ab03a6444c905b60,
    type: 3}
  m_PrefabInstance: {fileID: 1511667730}
  m_PrefabAsset: {fileID: 0}
--- !u!114 &291018643
MonoBehaviour:
  m_ObjectHideFlags: 0
  m_CorrespondingSourceObject: {fileID: 0}
  m_PrefabInstance: {fileID: 0}
  m_PrefabAsset: {fileID: 0}
  m_GameObject: {fileID: 291018639}
  m_Enabled: 1
  m_EditorHideFlags: 0
  m_Script: {fileID: 11500000, guid: 00b2d199b96b516448144ab30fb26aed, type: 3}
  m_Name: 
  m_EditorClassIdentifier: 
  m_ChannelMask: 1
  m_Gain: 1
  m_Use2DDistance: 0
--- !u!1 &380818195
GameObject:
  m_ObjectHideFlags: 0
  m_CorrespondingSourceObject: {fileID: 0}
  m_PrefabInstance: {fileID: 0}
  m_PrefabAsset: {fileID: 0}
  serializedVersion: 6
  m_Component:
  - component: {fileID: 380818196}
  - component: {fileID: 380818199}
  - component: {fileID: 380818198}
  - component: {fileID: 380818197}
  m_Layer: 5
  m_Name: Button
  m_TagString: Untagged
  m_Icon: {fileID: 0}
  m_NavMeshLayer: 0
  m_StaticEditorFlags: 0
  m_IsActive: 1
--- !u!224 &380818196
RectTransform:
  m_ObjectHideFlags: 0
  m_CorrespondingSourceObject: {fileID: 0}
  m_PrefabInstance: {fileID: 0}
  m_PrefabAsset: {fileID: 0}
  m_GameObject: {fileID: 380818195}
  m_LocalRotation: {x: 0, y: 0, z: 0, w: 1}
  m_LocalPosition: {x: 0, y: 0, z: 0}
  m_LocalScale: {x: 1, y: 1, z: 1}
  m_Children:
  - {fileID: 661075422}
  m_Father: {fileID: 910107924}
  m_RootOrder: 0
  m_LocalEulerAnglesHint: {x: 0, y: 0, z: 0}
  m_AnchorMin: {x: 0.40519884, y: 0.02624533}
  m_AnchorMax: {x: 0.59540063, y: 0.13249068}
  m_AnchoredPosition: {x: 0, y: 0.75}
  m_SizeDelta: {x: -0.17999268, y: -0.08999634}
  m_Pivot: {x: 0.5, y: 0.5}
--- !u!114 &380818197
MonoBehaviour:
  m_ObjectHideFlags: 0
  m_CorrespondingSourceObject: {fileID: 0}
  m_PrefabInstance: {fileID: 0}
  m_PrefabAsset: {fileID: 0}
  m_GameObject: {fileID: 380818195}
  m_Enabled: 1
  m_EditorHideFlags: 0
  m_Script: {fileID: 11500000, guid: 4e29b1a8efbd4b44bb3f3716e73f07ff, type: 3}
  m_Name: 
  m_EditorClassIdentifier: 
  m_Navigation:
    m_Mode: 3
    m_SelectOnUp: {fileID: 0}
    m_SelectOnDown: {fileID: 0}
    m_SelectOnLeft: {fileID: 0}
    m_SelectOnRight: {fileID: 0}
  m_Transition: 1
  m_Colors:
    m_NormalColor: {r: 1, g: 1, b: 1, a: 1}
    m_HighlightedColor: {r: 0.9607843, g: 0.9607843, b: 0.9607843, a: 1}
    m_PressedColor: {r: 0.78431374, g: 0.78431374, b: 0.78431374, a: 1}
    m_SelectedColor: {r: 0.9607843, g: 0.9607843, b: 0.9607843, a: 1}
    m_DisabledColor: {r: 0.78431374, g: 0.78431374, b: 0.78431374, a: 0.5019608}
    m_ColorMultiplier: 1
    m_FadeDuration: 0.1
  m_SpriteState:
    m_HighlightedSprite: {fileID: 0}
    m_PressedSprite: {fileID: 0}
    m_SelectedSprite: {fileID: 0}
    m_DisabledSprite: {fileID: 0}
  m_AnimationTriggers:
    m_NormalTrigger: Normal
    m_HighlightedTrigger: Highlighted
    m_PressedTrigger: Pressed
    m_SelectedTrigger: Selected
    m_DisabledTrigger: Disabled
  m_Interactable: 1
  m_TargetGraphic: {fileID: 380818198}
  m_OnClick:
    m_PersistentCalls:
      m_Calls:
      - m_Target: {fileID: 0}
        m_MethodName: Reset
        m_Mode: 1
        m_Arguments:
          m_ObjectArgument: {fileID: 0}
          m_ObjectArgumentAssemblyTypeName: UnityEngine.Object, UnityEngine
          m_IntArgument: 0
          m_FloatArgument: 0
          m_StringArgument: 
          m_BoolArgument: 0
        m_CallState: 2
--- !u!114 &380818198
MonoBehaviour:
  m_ObjectHideFlags: 0
  m_CorrespondingSourceObject: {fileID: 0}
  m_PrefabInstance: {fileID: 0}
  m_PrefabAsset: {fileID: 0}
  m_GameObject: {fileID: 380818195}
  m_Enabled: 1
  m_EditorHideFlags: 0
  m_Script: {fileID: 11500000, guid: fe87c0e1cc204ed48ad3b37840f39efc, type: 3}
  m_Name: 
  m_EditorClassIdentifier: 
  m_Material: {fileID: 0}
  m_Color: {r: 1, g: 1, b: 1, a: 1}
  m_RaycastTarget: 1
  m_OnCullStateChanged:
    m_PersistentCalls:
      m_Calls: []
  m_Sprite: {fileID: 10905, guid: 0000000000000000f000000000000000, type: 0}
  m_Type: 1
  m_PreserveAspect: 0
  m_FillCenter: 1
  m_FillMethod: 4
  m_FillAmount: 1
  m_FillClockwise: 1
  m_FillOrigin: 0
  m_UseSpriteMesh: 0
  m_PixelsPerUnitMultiplier: 1
--- !u!222 &380818199
CanvasRenderer:
  m_ObjectHideFlags: 0
  m_CorrespondingSourceObject: {fileID: 0}
  m_PrefabInstance: {fileID: 0}
  m_PrefabAsset: {fileID: 0}
  m_GameObject: {fileID: 380818195}
  m_CullTransparentMesh: 0
--- !u!1 &397777177
GameObject:
  m_ObjectHideFlags: 0
  m_CorrespondingSourceObject: {fileID: 0}
  m_PrefabInstance: {fileID: 0}
  m_PrefabAsset: {fileID: 0}
  serializedVersion: 6
  m_Component:
  - component: {fileID: 397777180}
  - component: {fileID: 397777179}
  - component: {fileID: 397777178}
  m_Layer: 0
  m_Name: Camera
  m_TagString: Untagged
  m_Icon: {fileID: 0}
  m_NavMeshLayer: 0
  m_StaticEditorFlags: 0
  m_IsActive: 1
--- !u!81 &397777178
AudioListener:
  m_ObjectHideFlags: 0
  m_CorrespondingSourceObject: {fileID: 0}
  m_PrefabInstance: {fileID: 0}
  m_PrefabAsset: {fileID: 0}
  m_GameObject: {fileID: 397777177}
  m_Enabled: 1
--- !u!20 &397777179
Camera:
  m_ObjectHideFlags: 0
  m_CorrespondingSourceObject: {fileID: 0}
  m_PrefabInstance: {fileID: 0}
  m_PrefabAsset: {fileID: 0}
  m_GameObject: {fileID: 397777177}
  m_Enabled: 1
  serializedVersion: 2
  m_ClearFlags: 1
  m_BackGroundColor: {r: 0.19215687, g: 0.3019608, b: 0.4745098, a: 0}
  m_projectionMatrixMode: 1
  m_GateFitMode: 2
  m_FOVAxisMode: 0
  m_SensorSize: {x: 36, y: 24}
  m_LensShift: {x: 0, y: 0}
  m_FocalLength: 50
  m_NormalizedViewPortRect:
    serializedVersion: 2
    x: 0
    y: 0
    width: 1
    height: 1
  near clip plane: 0.3
  far clip plane: 1000
  field of view: 60
  orthographic: 0
  orthographic size: 5
  m_Depth: 0
  m_CullingMask:
    serializedVersion: 2
    m_Bits: 4294967295
  m_RenderingPath: -1
  m_TargetTexture: {fileID: 0}
  m_TargetDisplay: 0
  m_TargetEye: 3
  m_HDR: 1
  m_AllowMSAA: 1
  m_AllowDynamicResolution: 0
  m_ForceIntoRT: 0
  m_OcclusionCulling: 1
  m_StereoConvergence: 10
  m_StereoSeparation: 0.022
--- !u!4 &397777180
Transform:
  m_ObjectHideFlags: 0
  m_CorrespondingSourceObject: {fileID: 0}
  m_PrefabInstance: {fileID: 0}
  m_PrefabAsset: {fileID: 0}
  m_GameObject: {fileID: 397777177}
  m_LocalRotation: {x: 0, y: 0, z: 0, w: 1}
  m_LocalPosition: {x: 0, y: 0, z: 0}
  m_LocalScale: {x: 1, y: 1, z: 1}
  m_Children: []
  m_Father: {fileID: 0}
  m_RootOrder: 5
  m_LocalEulerAnglesHint: {x: 0, y: 0, z: 0}
--- !u!1 &419111016 stripped
GameObject:
  m_CorrespondingSourceObject: {fileID: 825366589, guid: 85d3242533d8a2a45a14c547edc7651e,
    type: 3}
  m_PrefabInstance: {fileID: 620089618}
  m_PrefabAsset: {fileID: 0}
--- !u!4 &419111017 stripped
Transform:
  m_CorrespondingSourceObject: {fileID: 825366590, guid: 85d3242533d8a2a45a14c547edc7651e,
    type: 3}
  m_PrefabInstance: {fileID: 620089618}
  m_PrefabAsset: {fileID: 0}
--- !u!1001 &620089618
PrefabInstance:
  m_ObjectHideFlags: 0
  serializedVersion: 2
  m_Modification:
    m_TransformParent: {fileID: 0}
    m_Modifications:
    - target: {fileID: 374506706641904430, guid: 85d3242533d8a2a45a14c547edc7651e,
        type: 3}
      propertyPath: m_Name
      value: PlayerCharacterNew
      objectReference: {fileID: 0}
    - target: {fileID: 374506706641904430, guid: 85d3242533d8a2a45a14c547edc7651e,
        type: 3}
      propertyPath: m_Layer
      value: 11
      objectReference: {fileID: 0}
    - target: {fileID: 374506706641904430, guid: 85d3242533d8a2a45a14c547edc7651e,
        type: 3}
      propertyPath: m_IsActive
      value: 0
      objectReference: {fileID: 0}
    - target: {fileID: 825366589, guid: 85d3242533d8a2a45a14c547edc7651e, type: 3}
      propertyPath: m_Layer
      value: 11
      objectReference: {fileID: 0}
    - target: {fileID: 371408601121505860, guid: 85d3242533d8a2a45a14c547edc7651e,
        type: 3}
      propertyPath: m_LocalPosition.x
      value: 0
      objectReference: {fileID: 0}
    - target: {fileID: 371408601121505860, guid: 85d3242533d8a2a45a14c547edc7651e,
        type: 3}
      propertyPath: m_LocalPosition.y
      value: 0
      objectReference: {fileID: 0}
    - target: {fileID: 371408601121505860, guid: 85d3242533d8a2a45a14c547edc7651e,
        type: 3}
      propertyPath: m_LocalPosition.z
      value: 0
      objectReference: {fileID: 0}
    - target: {fileID: 371408601121505860, guid: 85d3242533d8a2a45a14c547edc7651e,
        type: 3}
      propertyPath: m_LocalRotation.x
      value: 0
      objectReference: {fileID: 0}
    - target: {fileID: 371408601121505860, guid: 85d3242533d8a2a45a14c547edc7651e,
        type: 3}
      propertyPath: m_LocalRotation.y
      value: 0
      objectReference: {fileID: 0}
    - target: {fileID: 371408601121505860, guid: 85d3242533d8a2a45a14c547edc7651e,
        type: 3}
      propertyPath: m_LocalRotation.z
      value: 0
      objectReference: {fileID: 0}
    - target: {fileID: 371408601121505860, guid: 85d3242533d8a2a45a14c547edc7651e,
        type: 3}
      propertyPath: m_LocalRotation.w
      value: 1
      objectReference: {fileID: 0}
    - target: {fileID: 371408601121505860, guid: 85d3242533d8a2a45a14c547edc7651e,
        type: 3}
      propertyPath: m_RootOrder
      value: 2
      objectReference: {fileID: 0}
    - target: {fileID: 371408601121505860, guid: 85d3242533d8a2a45a14c547edc7651e,
        type: 3}
      propertyPath: m_LocalEulerAnglesHint.x
      value: 0
      objectReference: {fileID: 0}
    - target: {fileID: 371408601121505860, guid: 85d3242533d8a2a45a14c547edc7651e,
        type: 3}
      propertyPath: m_LocalEulerAnglesHint.y
      value: 0
      objectReference: {fileID: 0}
    - target: {fileID: 371408601121505860, guid: 85d3242533d8a2a45a14c547edc7651e,
        type: 3}
      propertyPath: m_LocalEulerAnglesHint.z
      value: 0
      objectReference: {fileID: 0}
    - target: {fileID: 971444368, guid: 85d3242533d8a2a45a14c547edc7651e, type: 3}
      propertyPath: m_LocalPosition.z
      value: 0
      objectReference: {fileID: 0}
    - target: {fileID: 3478953356224314914, guid: 85d3242533d8a2a45a14c547edc7651e,
        type: 3}
      propertyPath: m_Layer
      value: 11
      objectReference: {fileID: 0}
    - target: {fileID: 971444367, guid: 85d3242533d8a2a45a14c547edc7651e, type: 3}
      propertyPath: m_Layer
      value: 11
      objectReference: {fileID: 0}
    - target: {fileID: 1957119849, guid: 85d3242533d8a2a45a14c547edc7651e, type: 3}
      propertyPath: m_Layer
      value: 11
      objectReference: {fileID: 0}
    - target: {fileID: 4902371046217359533, guid: 85d3242533d8a2a45a14c547edc7651e,
        type: 3}
      propertyPath: m_Layer
      value: 11
      objectReference: {fileID: 0}
    - target: {fileID: 374494436503863848, guid: 85d3242533d8a2a45a14c547edc7651e,
        type: 3}
      propertyPath: m_Layer
      value: 11
      objectReference: {fileID: 0}
    - target: {fileID: 375033539981214328, guid: 85d3242533d8a2a45a14c547edc7651e,
        type: 3}
      propertyPath: m_Layer
      value: 11
      objectReference: {fileID: 0}
    - target: {fileID: 420031493417603727, guid: 85d3242533d8a2a45a14c547edc7651e,
        type: 3}
      propertyPath: maxHealth
      value: 10000
      objectReference: {fileID: 0}
    - target: {fileID: 420031493417603727, guid: 85d3242533d8a2a45a14c547edc7651e,
        type: 3}
      propertyPath: maxStamina
      value: 10000
      objectReference: {fileID: 0}
    - target: {fileID: 420031493417603727, guid: 85d3242533d8a2a45a14c547edc7651e,
        type: 3}
      propertyPath: skillRefillRate
      value: 1000
      objectReference: {fileID: 0}
    - target: {fileID: 974865995, guid: 85d3242533d8a2a45a14c547edc7651e, type: 3}
      propertyPath: m_ImpulseDefinition.m_TimeEnvelope.m_DecayTime
      value: 0.5
      objectReference: {fileID: 0}
    - target: {fileID: 974865995, guid: 85d3242533d8a2a45a14c547edc7651e, type: 3}
      propertyPath: m_ImpulseDefinition.m_TimeEnvelope.m_DecayShape.m_Curve.Array.data[0].value
      value: 0
      objectReference: {fileID: 0}
    - target: {fileID: 974865995, guid: 85d3242533d8a2a45a14c547edc7651e, type: 3}
      propertyPath: m_ImpulseDefinition.m_TimeEnvelope.m_DecayShape.m_Curve.Array.data[0].inSlope
      value: 2
      objectReference: {fileID: 0}
    - target: {fileID: 974865995, guid: 85d3242533d8a2a45a14c547edc7651e, type: 3}
      propertyPath: m_ImpulseDefinition.m_TimeEnvelope.m_DecayShape.m_Curve.Array.data[0].outSlope
      value: 2
      objectReference: {fileID: 0}
    - target: {fileID: 974865995, guid: 85d3242533d8a2a45a14c547edc7651e, type: 3}
      propertyPath: m_ImpulseDefinition.m_TimeEnvelope.m_DecayShape.m_Curve.Array.data[0].outWeight
      value: 0
      objectReference: {fileID: 0}
    - target: {fileID: 974865995, guid: 85d3242533d8a2a45a14c547edc7651e, type: 3}
      propertyPath: m_ImpulseDefinition.m_TimeEnvelope.m_DecayShape.m_Curve.Array.data[1].value
      value: 1
      objectReference: {fileID: 0}
    - target: {fileID: 974865995, guid: 85d3242533d8a2a45a14c547edc7651e, type: 3}
      propertyPath: m_ImpulseDefinition.m_TimeEnvelope.m_DecayShape.m_Curve.Array.data[1].inSlope
      value: 0
      objectReference: {fileID: 0}
    - target: {fileID: 974865995, guid: 85d3242533d8a2a45a14c547edc7651e, type: 3}
      propertyPath: m_ImpulseDefinition.m_TimeEnvelope.m_DecayShape.m_Curve.Array.data[1].outSlope
      value: 0
      objectReference: {fileID: 0}
    - target: {fileID: 974865995, guid: 85d3242533d8a2a45a14c547edc7651e, type: 3}
      propertyPath: m_ImpulseDefinition.m_TimeEnvelope.m_DecayShape.m_Curve.Array.data[1].inWeight
      value: 0
      objectReference: {fileID: 0}
    - target: {fileID: 631864435, guid: 85d3242533d8a2a45a14c547edc7651e, type: 3}
      propertyPath: m_Layer
      value: 11
      objectReference: {fileID: 0}
    - target: {fileID: 1113514525, guid: 85d3242533d8a2a45a14c547edc7651e, type: 3}
      propertyPath: m_Layer
      value: 11
      objectReference: {fileID: 0}
    - target: {fileID: 1173250039, guid: 85d3242533d8a2a45a14c547edc7651e, type: 3}
      propertyPath: m_Layer
      value: 11
      objectReference: {fileID: 0}
    - target: {fileID: 1288412594, guid: 85d3242533d8a2a45a14c547edc7651e, type: 3}
      propertyPath: m_Layer
      value: 11
      objectReference: {fileID: 0}
    - target: {fileID: 1305066557, guid: 85d3242533d8a2a45a14c547edc7651e, type: 3}
      propertyPath: m_AnchoredPosition.x
      value: 0.5
      objectReference: {fileID: 0}
    - target: {fileID: 1880769425, guid: 85d3242533d8a2a45a14c547edc7651e, type: 3}
      propertyPath: m_Layer
      value: 11
      objectReference: {fileID: 0}
    - target: {fileID: 374852908958097334, guid: 85d3242533d8a2a45a14c547edc7651e,
        type: 3}
      propertyPath: m_Layer
      value: 11
      objectReference: {fileID: 0}
    - target: {fileID: 7030806476474328977, guid: 85d3242533d8a2a45a14c547edc7651e,
        type: 3}
      propertyPath: m_Layer
      value: 11
      objectReference: {fileID: 0}
    - target: {fileID: 8172169684805497868, guid: 85d3242533d8a2a45a14c547edc7651e,
        type: 3}
      propertyPath: m_Layer
      value: 11
      objectReference: {fileID: 0}
    - target: {fileID: 7848032568888136167, guid: 85d3242533d8a2a45a14c547edc7651e,
        type: 3}
      propertyPath: m_Layer
      value: 11
      objectReference: {fileID: 0}
    - target: {fileID: 8497735619066281683, guid: 85d3242533d8a2a45a14c547edc7651e,
        type: 3}
      propertyPath: m_Layer
      value: 11
      objectReference: {fileID: 0}
    - target: {fileID: 8941031625030452928, guid: 85d3242533d8a2a45a14c547edc7651e,
        type: 3}
      propertyPath: m_Layer
      value: 11
      objectReference: {fileID: 0}
    - target: {fileID: 7926485895673377275, guid: 85d3242533d8a2a45a14c547edc7651e,
        type: 3}
      propertyPath: m_Layer
      value: 11
      objectReference: {fileID: 0}
    - target: {fileID: 3357354521303399866, guid: 85d3242533d8a2a45a14c547edc7651e,
        type: 3}
      propertyPath: m_Layer
      value: 11
      objectReference: {fileID: 0}
    - target: {fileID: 9215258361403259083, guid: 85d3242533d8a2a45a14c547edc7651e,
        type: 3}
      propertyPath: m_Layer
      value: 11
      objectReference: {fileID: 0}
    - target: {fileID: 2747788288830627385, guid: 85d3242533d8a2a45a14c547edc7651e,
        type: 3}
      propertyPath: m_Layer
      value: 11
      objectReference: {fileID: 0}
    - target: {fileID: 33322141, guid: 85d3242533d8a2a45a14c547edc7651e, type: 3}
      propertyPath: m_Layer
      value: 11
      objectReference: {fileID: 0}
    - target: {fileID: 146175445, guid: 85d3242533d8a2a45a14c547edc7651e, type: 3}
      propertyPath: m_Layer
      value: 11
      objectReference: {fileID: 0}
    - target: {fileID: 303048855, guid: 85d3242533d8a2a45a14c547edc7651e, type: 3}
      propertyPath: m_Layer
      value: 11
      objectReference: {fileID: 0}
    - target: {fileID: 508385374, guid: 85d3242533d8a2a45a14c547edc7651e, type: 3}
      propertyPath: m_Layer
      value: 11
      objectReference: {fileID: 0}
    - target: {fileID: 667287344, guid: 85d3242533d8a2a45a14c547edc7651e, type: 3}
      propertyPath: m_Layer
      value: 11
      objectReference: {fileID: 0}
    - target: {fileID: 1305066556, guid: 85d3242533d8a2a45a14c547edc7651e, type: 3}
      propertyPath: m_Layer
      value: 11
      objectReference: {fileID: 0}
    - target: {fileID: 1734878610, guid: 85d3242533d8a2a45a14c547edc7651e, type: 3}
      propertyPath: m_Layer
      value: 11
      objectReference: {fileID: 0}
    - target: {fileID: 374281177875639416, guid: 85d3242533d8a2a45a14c547edc7651e,
        type: 3}
      propertyPath: m_Layer
      value: 11
      objectReference: {fileID: 0}
    - target: {fileID: 374237845914285528, guid: 85d3242533d8a2a45a14c547edc7651e,
        type: 3}
      propertyPath: m_Layer
      value: 11
      objectReference: {fileID: 0}
    - target: {fileID: 374829204762355946, guid: 85d3242533d8a2a45a14c547edc7651e,
        type: 3}
      propertyPath: m_Layer
      value: 11
      objectReference: {fileID: 0}
    - target: {fileID: 374327211398638520, guid: 85d3242533d8a2a45a14c547edc7651e,
        type: 3}
      propertyPath: m_Layer
      value: 11
      objectReference: {fileID: 0}
    - target: {fileID: 373966261321080050, guid: 85d3242533d8a2a45a14c547edc7651e,
        type: 3}
      propertyPath: m_Layer
      value: 11
      objectReference: {fileID: 0}
    - target: {fileID: 374656510772592846, guid: 85d3242533d8a2a45a14c547edc7651e,
        type: 3}
      propertyPath: m_Layer
      value: 11
      objectReference: {fileID: 0}
    - target: {fileID: 374271297683338980, guid: 85d3242533d8a2a45a14c547edc7651e,
        type: 3}
      propertyPath: m_Layer
      value: 11
      objectReference: {fileID: 0}
    - target: {fileID: 374785027035866404, guid: 85d3242533d8a2a45a14c547edc7651e,
        type: 3}
      propertyPath: m_Layer
      value: 11
      objectReference: {fileID: 0}
    - target: {fileID: 374585111170014646, guid: 85d3242533d8a2a45a14c547edc7651e,
        type: 3}
      propertyPath: m_Layer
      value: 11
      objectReference: {fileID: 0}
    - target: {fileID: 3899615021801691160, guid: 85d3242533d8a2a45a14c547edc7651e,
        type: 3}
      propertyPath: m_Layer
      value: 11
      objectReference: {fileID: 0}
    - target: {fileID: 374709962333220008, guid: 85d3242533d8a2a45a14c547edc7651e,
        type: 3}
      propertyPath: m_Layer
      value: 11
      objectReference: {fileID: 0}
    - target: {fileID: 374519736489779122, guid: 85d3242533d8a2a45a14c547edc7651e,
        type: 3}
      propertyPath: m_Layer
      value: 11
      objectReference: {fileID: 0}
    - target: {fileID: 374481939414986504, guid: 85d3242533d8a2a45a14c547edc7651e,
        type: 3}
      propertyPath: m_Layer
      value: 11
      objectReference: {fileID: 0}
    - target: {fileID: 2125893696902791289, guid: 85d3242533d8a2a45a14c547edc7651e,
        type: 3}
      propertyPath: m_Layer
      value: 11
      objectReference: {fileID: 0}
    - target: {fileID: 8940419526962348666, guid: 85d3242533d8a2a45a14c547edc7651e,
        type: 3}
      propertyPath: m_Layer
      value: 11
      objectReference: {fileID: 0}
    - target: {fileID: 374329564860107982, guid: 85d3242533d8a2a45a14c547edc7651e,
        type: 3}
      propertyPath: m_Layer
      value: 11
      objectReference: {fileID: 0}
    - target: {fileID: 374752599316510014, guid: 85d3242533d8a2a45a14c547edc7651e,
        type: 3}
      propertyPath: m_Layer
      value: 11
      objectReference: {fileID: 0}
    - target: {fileID: 374727991602630030, guid: 85d3242533d8a2a45a14c547edc7651e,
        type: 3}
      propertyPath: m_Layer
      value: 11
      objectReference: {fileID: 0}
    - target: {fileID: 374650659373049688, guid: 85d3242533d8a2a45a14c547edc7651e,
        type: 3}
      propertyPath: m_Layer
      value: 11
      objectReference: {fileID: 0}
    - target: {fileID: 374548909322951014, guid: 85d3242533d8a2a45a14c547edc7651e,
        type: 3}
      propertyPath: m_Layer
      value: 11
      objectReference: {fileID: 0}
    - target: {fileID: 374801881004605618, guid: 85d3242533d8a2a45a14c547edc7651e,
        type: 3}
      propertyPath: m_Layer
      value: 11
      objectReference: {fileID: 0}
    - target: {fileID: 374114304057857400, guid: 85d3242533d8a2a45a14c547edc7651e,
        type: 3}
      propertyPath: m_Layer
      value: 11
      objectReference: {fileID: 0}
    - target: {fileID: 302003574237272771, guid: 85d3242533d8a2a45a14c547edc7651e,
        type: 3}
      propertyPath: m_Layer
      value: 11
      objectReference: {fileID: 0}
    - target: {fileID: 1861958579124596195, guid: 85d3242533d8a2a45a14c547edc7651e,
        type: 3}
      propertyPath: m_Layer
      value: 11
      objectReference: {fileID: 0}
    - target: {fileID: 5057166976540627993, guid: 85d3242533d8a2a45a14c547edc7651e,
        type: 3}
      propertyPath: m_Layer
      value: 11
      objectReference: {fileID: 0}
    - target: {fileID: 8348931555810607010, guid: 85d3242533d8a2a45a14c547edc7651e,
        type: 3}
      propertyPath: m_Layer
      value: 11
      objectReference: {fileID: 0}
    - target: {fileID: 4531449287526034971, guid: 85d3242533d8a2a45a14c547edc7651e,
        type: 3}
      propertyPath: m_Layer
      value: 11
      objectReference: {fileID: 0}
    - target: {fileID: 8032549895801369122, guid: 85d3242533d8a2a45a14c547edc7651e,
        type: 3}
      propertyPath: m_Layer
      value: 11
      objectReference: {fileID: 0}
    - target: {fileID: 374548276617112520, guid: 85d3242533d8a2a45a14c547edc7651e,
        type: 3}
      propertyPath: m_Layer
      value: 11
      objectReference: {fileID: 0}
    - target: {fileID: 374265056578236564, guid: 85d3242533d8a2a45a14c547edc7651e,
        type: 3}
      propertyPath: m_Layer
      value: 11
      objectReference: {fileID: 0}
    - target: {fileID: 374409396256327296, guid: 85d3242533d8a2a45a14c547edc7651e,
        type: 3}
      propertyPath: m_Layer
      value: 11
      objectReference: {fileID: 0}
    - target: {fileID: 374270810383603420, guid: 85d3242533d8a2a45a14c547edc7651e,
        type: 3}
      propertyPath: m_Layer
      value: 11
      objectReference: {fileID: 0}
    - target: {fileID: 374428291070537870, guid: 85d3242533d8a2a45a14c547edc7651e,
        type: 3}
      propertyPath: m_Layer
      value: 11
      objectReference: {fileID: 0}
    - target: {fileID: 374635775489823800, guid: 85d3242533d8a2a45a14c547edc7651e,
        type: 3}
      propertyPath: m_Layer
      value: 11
      objectReference: {fileID: 0}
    - target: {fileID: 374294855223356264, guid: 85d3242533d8a2a45a14c547edc7651e,
        type: 3}
      propertyPath: m_Layer
      value: 11
      objectReference: {fileID: 0}
    - target: {fileID: 375058033365964984, guid: 85d3242533d8a2a45a14c547edc7651e,
        type: 3}
      propertyPath: m_Layer
      value: 11
      objectReference: {fileID: 0}
    - target: {fileID: 374778758189776426, guid: 85d3242533d8a2a45a14c547edc7651e,
        type: 3}
      propertyPath: m_Layer
      value: 11
      objectReference: {fileID: 0}
    - target: {fileID: 1851084635933884200, guid: 85d3242533d8a2a45a14c547edc7651e,
        type: 3}
      propertyPath: m_Layer
      value: 11
      objectReference: {fileID: 0}
    - target: {fileID: 5697997819586074172, guid: 85d3242533d8a2a45a14c547edc7651e,
        type: 3}
      propertyPath: m_Layer
      value: 11
      objectReference: {fileID: 0}
    - target: {fileID: 312912744715929608, guid: 85d3242533d8a2a45a14c547edc7651e,
        type: 3}
      propertyPath: m_Layer
      value: 11
      objectReference: {fileID: 0}
    - target: {fileID: 8972491960926686444, guid: 85d3242533d8a2a45a14c547edc7651e,
        type: 3}
      propertyPath: m_Layer
      value: 11
      objectReference: {fileID: 0}
    - target: {fileID: 7952772063413525065, guid: 85d3242533d8a2a45a14c547edc7651e,
        type: 3}
      propertyPath: m_Layer
      value: 11
      objectReference: {fileID: 0}
    - target: {fileID: 6606248075725926898, guid: 85d3242533d8a2a45a14c547edc7651e,
        type: 3}
      propertyPath: m_Layer
      value: 11
      objectReference: {fileID: 0}
    - target: {fileID: 8284908762454382537, guid: 85d3242533d8a2a45a14c547edc7651e,
        type: 3}
      propertyPath: m_Layer
      value: 11
      objectReference: {fileID: 0}
    - target: {fileID: 2549670793183595504, guid: 85d3242533d8a2a45a14c547edc7651e,
        type: 3}
      propertyPath: m_Layer
      value: 11
      objectReference: {fileID: 0}
    - target: {fileID: 374643389462753660, guid: 85d3242533d8a2a45a14c547edc7651e,
        type: 3}
      propertyPath: m_Layer
      value: 11
      objectReference: {fileID: 0}
    - target: {fileID: 374873294461885224, guid: 85d3242533d8a2a45a14c547edc7651e,
        type: 3}
      propertyPath: m_Layer
      value: 11
      objectReference: {fileID: 0}
    - target: {fileID: 374918044570047106, guid: 85d3242533d8a2a45a14c547edc7651e,
        type: 3}
      propertyPath: m_Layer
      value: 11
      objectReference: {fileID: 0}
    - target: {fileID: 374970019448202940, guid: 85d3242533d8a2a45a14c547edc7651e,
        type: 3}
      propertyPath: m_Layer
      value: 11
      objectReference: {fileID: 0}
    - target: {fileID: 374833207004969550, guid: 85d3242533d8a2a45a14c547edc7651e,
        type: 3}
      propertyPath: m_Layer
      value: 11
      objectReference: {fileID: 0}
    - target: {fileID: 374374723790696854, guid: 85d3242533d8a2a45a14c547edc7651e,
        type: 3}
      propertyPath: m_Layer
      value: 11
      objectReference: {fileID: 0}
    - target: {fileID: 373958672060036470, guid: 85d3242533d8a2a45a14c547edc7651e,
        type: 3}
      propertyPath: m_Layer
      value: 11
      objectReference: {fileID: 0}
    - target: {fileID: 374605446704779306, guid: 85d3242533d8a2a45a14c547edc7651e,
        type: 3}
      propertyPath: m_Layer
      value: 11
      objectReference: {fileID: 0}
    - target: {fileID: 6990713534600407303, guid: 85d3242533d8a2a45a14c547edc7651e,
        type: 3}
      propertyPath: m_Layer
      value: 11
      objectReference: {fileID: 0}
    - target: {fileID: 374272219047541844, guid: 85d3242533d8a2a45a14c547edc7651e,
        type: 3}
      propertyPath: m_Layer
      value: 11
      objectReference: {fileID: 0}
    - target: {fileID: 374848555652797058, guid: 85d3242533d8a2a45a14c547edc7651e,
        type: 3}
      propertyPath: m_Layer
      value: 11
      objectReference: {fileID: 0}
    - target: {fileID: 374321190075024586, guid: 85d3242533d8a2a45a14c547edc7651e,
        type: 3}
      propertyPath: m_Layer
      value: 11
      objectReference: {fileID: 0}
    - target: {fileID: 374311535789457938, guid: 85d3242533d8a2a45a14c547edc7651e,
        type: 3}
      propertyPath: m_Layer
      value: 11
      objectReference: {fileID: 0}
    - target: {fileID: 374102327640815364, guid: 85d3242533d8a2a45a14c547edc7651e,
        type: 3}
      propertyPath: m_Layer
      value: 11
      objectReference: {fileID: 0}
    - target: {fileID: 374286147037142998, guid: 85d3242533d8a2a45a14c547edc7651e,
        type: 3}
      propertyPath: m_Layer
      value: 11
      objectReference: {fileID: 0}
    - target: {fileID: 374528418866133902, guid: 85d3242533d8a2a45a14c547edc7651e,
        type: 3}
      propertyPath: m_Layer
      value: 11
      objectReference: {fileID: 0}
    - target: {fileID: 374667755442691008, guid: 85d3242533d8a2a45a14c547edc7651e,
        type: 3}
      propertyPath: m_Layer
      value: 11
      objectReference: {fileID: 0}
    - target: {fileID: 374777234558600186, guid: 85d3242533d8a2a45a14c547edc7651e,
        type: 3}
      propertyPath: m_Layer
      value: 11
      objectReference: {fileID: 0}
    - target: {fileID: 374849860656303630, guid: 85d3242533d8a2a45a14c547edc7651e,
        type: 3}
      propertyPath: m_Layer
      value: 11
      objectReference: {fileID: 0}
    - target: {fileID: 374998811732049834, guid: 85d3242533d8a2a45a14c547edc7651e,
        type: 3}
      propertyPath: m_Layer
      value: 11
      objectReference: {fileID: 0}
    - target: {fileID: 374585699354287780, guid: 85d3242533d8a2a45a14c547edc7651e,
        type: 3}
      propertyPath: m_Layer
      value: 11
      objectReference: {fileID: 0}
    - target: {fileID: 374419683258410016, guid: 85d3242533d8a2a45a14c547edc7651e,
        type: 3}
      propertyPath: m_Layer
      value: 11
      objectReference: {fileID: 0}
    - target: {fileID: 374714177714494118, guid: 85d3242533d8a2a45a14c547edc7651e,
        type: 3}
      propertyPath: m_Layer
      value: 11
      objectReference: {fileID: 0}
    - target: {fileID: 374295661573073234, guid: 85d3242533d8a2a45a14c547edc7651e,
        type: 3}
      propertyPath: m_Layer
      value: 11
      objectReference: {fileID: 0}
    - target: {fileID: 374387736189312194, guid: 85d3242533d8a2a45a14c547edc7651e,
        type: 3}
      propertyPath: m_Layer
      value: 11
      objectReference: {fileID: 0}
    - target: {fileID: 374436912555291484, guid: 85d3242533d8a2a45a14c547edc7651e,
        type: 3}
      propertyPath: m_Layer
      value: 11
      objectReference: {fileID: 0}
    - target: {fileID: 374635857838066944, guid: 85d3242533d8a2a45a14c547edc7651e,
        type: 3}
      propertyPath: m_Layer
      value: 11
      objectReference: {fileID: 0}
    - target: {fileID: 374788028369340410, guid: 85d3242533d8a2a45a14c547edc7651e,
        type: 3}
      propertyPath: m_Layer
      value: 11
      objectReference: {fileID: 0}
    - target: {fileID: 374705241696924412, guid: 85d3242533d8a2a45a14c547edc7651e,
        type: 3}
      propertyPath: m_Layer
      value: 11
      objectReference: {fileID: 0}
    - target: {fileID: 374283784745154570, guid: 85d3242533d8a2a45a14c547edc7651e,
        type: 3}
      propertyPath: m_Layer
      value: 11
      objectReference: {fileID: 0}
    - target: {fileID: 374655684438398404, guid: 85d3242533d8a2a45a14c547edc7651e,
        type: 3}
      propertyPath: m_Layer
      value: 11
      objectReference: {fileID: 0}
    - target: {fileID: 374653344969193800, guid: 85d3242533d8a2a45a14c547edc7651e,
        type: 3}
      propertyPath: m_Layer
      value: 11
      objectReference: {fileID: 0}
    m_RemovedComponents: []
  m_SourcePrefab: {fileID: 100100000, guid: 85d3242533d8a2a45a14c547edc7651e, type: 3}
--- !u!1 &661075421
GameObject:
  m_ObjectHideFlags: 0
  m_CorrespondingSourceObject: {fileID: 0}
  m_PrefabInstance: {fileID: 0}
  m_PrefabAsset: {fileID: 0}
  serializedVersion: 6
  m_Component:
  - component: {fileID: 661075422}
  - component: {fileID: 661075424}
  - component: {fileID: 661075423}
  m_Layer: 5
  m_Name: Text
  m_TagString: Untagged
  m_Icon: {fileID: 0}
  m_NavMeshLayer: 0
  m_StaticEditorFlags: 0
  m_IsActive: 1
--- !u!224 &661075422
RectTransform:
  m_ObjectHideFlags: 0
  m_CorrespondingSourceObject: {fileID: 0}
  m_PrefabInstance: {fileID: 0}
  m_PrefabAsset: {fileID: 0}
  m_GameObject: {fileID: 661075421}
  m_LocalRotation: {x: -0, y: -0, z: -0, w: 1}
  m_LocalPosition: {x: 0, y: 0, z: 0}
  m_LocalScale: {x: 1, y: 1, z: 1}
  m_Children: []
  m_Father: {fileID: 380818196}
  m_RootOrder: 0
  m_LocalEulerAnglesHint: {x: 0, y: 0, z: 0}
  m_AnchorMin: {x: 0, y: 0}
  m_AnchorMax: {x: 1, y: 1}
  m_AnchoredPosition: {x: 0, y: 0}
  m_SizeDelta: {x: 0, y: 0}
  m_Pivot: {x: 0.5, y: 0.5}
--- !u!114 &661075423
MonoBehaviour:
  m_ObjectHideFlags: 0
  m_CorrespondingSourceObject: {fileID: 0}
  m_PrefabInstance: {fileID: 0}
  m_PrefabAsset: {fileID: 0}
  m_GameObject: {fileID: 661075421}
  m_Enabled: 1
  m_EditorHideFlags: 0
  m_Script: {fileID: 11500000, guid: 5f7201a12d95ffc409449d95f23cf332, type: 3}
  m_Name: 
  m_EditorClassIdentifier: 
  m_Material: {fileID: 0}
  m_Color: {r: 0.19607843, g: 0.19607843, b: 0.19607843, a: 1}
  m_RaycastTarget: 1
  m_OnCullStateChanged:
    m_PersistentCalls:
      m_Calls: []
  m_FontData:
    m_Font: {fileID: 10102, guid: 0000000000000000e000000000000000, type: 0}
    m_FontSize: 14
    m_FontStyle: 0
    m_BestFit: 0
    m_MinSize: 10
    m_MaxSize: 40
    m_Alignment: 4
    m_AlignByGeometry: 0
    m_RichText: 1
    m_HorizontalOverflow: 0
    m_VerticalOverflow: 0
    m_LineSpacing: 1
  m_Text: Generate
--- !u!222 &661075424
CanvasRenderer:
  m_ObjectHideFlags: 0
  m_CorrespondingSourceObject: {fileID: 0}
  m_PrefabInstance: {fileID: 0}
  m_PrefabAsset: {fileID: 0}
  m_GameObject: {fileID: 661075421}
  m_CullTransparentMesh: 0
--- !u!1 &847419650
GameObject:
  m_ObjectHideFlags: 0
  m_CorrespondingSourceObject: {fileID: 0}
  m_PrefabInstance: {fileID: 0}
  m_PrefabAsset: {fileID: 0}
  serializedVersion: 6
  m_Component:
  - component: {fileID: 847419652}
  - component: {fileID: 847419651}
  m_Layer: 0
  m_Name: Directional Light
  m_TagString: Untagged
  m_Icon: {fileID: 0}
  m_NavMeshLayer: 0
  m_StaticEditorFlags: 0
  m_IsActive: 1
--- !u!108 &847419651
Light:
  m_ObjectHideFlags: 0
  m_CorrespondingSourceObject: {fileID: 0}
  m_PrefabInstance: {fileID: 0}
  m_PrefabAsset: {fileID: 0}
  m_GameObject: {fileID: 847419650}
  m_Enabled: 1
  serializedVersion: 9
  m_Type: 1
  m_Color: {r: 1, g: 1, b: 1, a: 1}
  m_Intensity: 0.2
  m_Range: 10
  m_SpotAngle: 30
  m_InnerSpotAngle: 21.80208
  m_CookieSize: 10
  m_Shadows:
    m_Type: 2
    m_Resolution: -1
    m_CustomResolution: -1
    m_Strength: 1
    m_Bias: 0.05
    m_NormalBias: 0.4
    m_NearPlane: 0.2
    m_CullingMatrixOverride:
      e00: 1
      e01: 0
      e02: 0
      e03: 0
      e10: 0
      e11: 1
      e12: 0
      e13: 0
      e20: 0
      e21: 0
      e22: 1
      e23: 0
      e30: 0
      e31: 0
      e32: 0
      e33: 1
    m_UseCullingMatrixOverride: 0
  m_Cookie: {fileID: 0}
  m_DrawHalo: 0
  m_Flare: {fileID: 0}
  m_RenderMode: 0
  m_CullingMask:
    serializedVersion: 2
    m_Bits: 4294967295
  m_RenderingLayerMask: 1
  m_Lightmapping: 4
  m_LightShadowCasterMode: 0
  m_AreaSize: {x: 1, y: 1}
  m_BounceIntensity: 1
  m_ColorTemperature: 6570
  m_UseColorTemperature: 0
  m_BoundingSphereOverride: {x: 0, y: 0, z: 0, w: 0}
  m_UseBoundingSphereOverride: 0
  m_ShadowRadius: 0
  m_ShadowAngle: 0
--- !u!4 &847419652
Transform:
  m_ObjectHideFlags: 0
  m_CorrespondingSourceObject: {fileID: 0}
  m_PrefabInstance: {fileID: 0}
  m_PrefabAsset: {fileID: 0}
  m_GameObject: {fileID: 847419650}
  m_LocalRotation: {x: 0.40821794, y: -0.23456973, z: 0.109381676, w: 0.87542605}
  m_LocalPosition: {x: 0, y: 3, z: 0}
  m_LocalScale: {x: 1, y: 1, z: 1}
  m_Children: []
  m_Father: {fileID: 0}
  m_RootOrder: 0
  m_LocalEulerAnglesHint: {x: 0, y: 0, z: 0}
--- !u!1 &910107920
GameObject:
  m_ObjectHideFlags: 0
  m_CorrespondingSourceObject: {fileID: 0}
  m_PrefabInstance: {fileID: 0}
  m_PrefabAsset: {fileID: 0}
  serializedVersion: 6
  m_Component:
  - component: {fileID: 910107924}
  - component: {fileID: 910107923}
  - component: {fileID: 910107922}
  - component: {fileID: 910107921}
  m_Layer: 5
  m_Name: Canvas
  m_TagString: Untagged
  m_Icon: {fileID: 0}
  m_NavMeshLayer: 0
  m_StaticEditorFlags: 0
  m_IsActive: 1
--- !u!114 &910107921
MonoBehaviour:
  m_ObjectHideFlags: 0
  m_CorrespondingSourceObject: {fileID: 0}
  m_PrefabInstance: {fileID: 0}
  m_PrefabAsset: {fileID: 0}
  m_GameObject: {fileID: 910107920}
  m_Enabled: 1
  m_EditorHideFlags: 0
  m_Script: {fileID: 11500000, guid: dc42784cf147c0c48a680349fa168899, type: 3}
  m_Name: 
  m_EditorClassIdentifier: 
  m_IgnoreReversedGraphics: 1
  m_BlockingObjects: 0
  m_BlockingMask:
    serializedVersion: 2
    m_Bits: 4294967295
--- !u!114 &910107922
MonoBehaviour:
  m_ObjectHideFlags: 0
  m_CorrespondingSourceObject: {fileID: 0}
  m_PrefabInstance: {fileID: 0}
  m_PrefabAsset: {fileID: 0}
  m_GameObject: {fileID: 910107920}
  m_Enabled: 1
  m_EditorHideFlags: 0
  m_Script: {fileID: 11500000, guid: 0cd44c1031e13a943bb63640046fad76, type: 3}
  m_Name: 
  m_EditorClassIdentifier: 
  m_UiScaleMode: 0
  m_ReferencePixelsPerUnit: 100
  m_ScaleFactor: 1
  m_ReferenceResolution: {x: 800, y: 600}
  m_ScreenMatchMode: 0
  m_MatchWidthOrHeight: 0
  m_PhysicalUnit: 3
  m_FallbackScreenDPI: 96
  m_DefaultSpriteDPI: 96
  m_DynamicPixelsPerUnit: 1
--- !u!223 &910107923
Canvas:
  m_ObjectHideFlags: 0
  m_CorrespondingSourceObject: {fileID: 0}
  m_PrefabInstance: {fileID: 0}
  m_PrefabAsset: {fileID: 0}
  m_GameObject: {fileID: 910107920}
  m_Enabled: 1
  serializedVersion: 3
  m_RenderMode: 0
  m_Camera: {fileID: 0}
  m_PlaneDistance: 100
  m_PixelPerfect: 0
  m_ReceivesEvents: 1
  m_OverrideSorting: 0
  m_OverridePixelPerfect: 0
  m_SortingBucketNormalizedSize: 0
  m_AdditionalShaderChannelsFlag: 0
  m_SortingLayerID: 0
  m_SortingOrder: 0
  m_TargetDisplay: 0
--- !u!224 &910107924
RectTransform:
  m_ObjectHideFlags: 0
  m_CorrespondingSourceObject: {fileID: 0}
  m_PrefabInstance: {fileID: 0}
  m_PrefabAsset: {fileID: 0}
  m_GameObject: {fileID: 910107920}
  m_LocalRotation: {x: 0, y: 0, z: 0, w: 1}
  m_LocalPosition: {x: 0, y: 0, z: 0}
  m_LocalScale: {x: 0, y: 0, z: 0}
  m_Children:
  - {fileID: 380818196}
  m_Father: {fileID: 0}
  m_RootOrder: 6
  m_LocalEulerAnglesHint: {x: 0, y: 0, z: 0}
  m_AnchorMin: {x: 0, y: 0}
  m_AnchorMax: {x: 0, y: 0}
  m_AnchoredPosition: {x: 0, y: 0}
  m_SizeDelta: {x: 0, y: 0}
  m_Pivot: {x: 0, y: 0}
--- !u!1 &974865988 stripped
GameObject:
  m_CorrespondingSourceObject: {fileID: 374506706641904430, guid: 85d3242533d8a2a45a14c547edc7651e,
    type: 3}
  m_PrefabInstance: {fileID: 620089618}
  m_PrefabAsset: {fileID: 0}
--- !u!4 &974865994 stripped
Transform:
  m_CorrespondingSourceObject: {fileID: 371408601121505860, guid: 85d3242533d8a2a45a14c547edc7651e,
    type: 3}
  m_PrefabInstance: {fileID: 620089618}
  m_PrefabAsset: {fileID: 0}
--- !u!54 &974865996
Rigidbody:
  m_ObjectHideFlags: 0
  m_CorrespondingSourceObject: {fileID: 0}
  m_PrefabInstance: {fileID: 0}
  m_PrefabAsset: {fileID: 0}
  m_GameObject: {fileID: 974865988}
  serializedVersion: 2
  m_Mass: 5
  m_Drag: 0
  m_AngularDrag: 0.05
  m_UseGravity: 1
  m_IsKinematic: 0
  m_Interpolate: 0
  m_Constraints: 0
  m_CollisionDetection: 0
--- !u!1 &1285781842 stripped
GameObject:
  m_CorrespondingSourceObject: {fileID: 3478953356224314914, guid: 85d3242533d8a2a45a14c547edc7651e,
    type: 3}
  m_PrefabInstance: {fileID: 620089618}
  m_PrefabAsset: {fileID: 0}
--- !u!4 &1285781843 stripped
Transform:
  m_CorrespondingSourceObject: {fileID: 3334057745090365824, guid: 85d3242533d8a2a45a14c547edc7651e,
    type: 3}
  m_PrefabInstance: {fileID: 620089618}
  m_PrefabAsset: {fileID: 0}
--- !u!1 &1381381429
GameObject:
  m_ObjectHideFlags: 0
  m_CorrespondingSourceObject: {fileID: 0}
  m_PrefabInstance: {fileID: 0}
  m_PrefabAsset: {fileID: 0}
  serializedVersion: 6
  m_Component:
  - component: {fileID: 1381381432}
  - component: {fileID: 1381381431}
  - component: {fileID: 1381381430}
  m_Layer: 0
  m_Name: EventSystem
  m_TagString: Untagged
  m_Icon: {fileID: 0}
  m_NavMeshLayer: 0
  m_StaticEditorFlags: 0
  m_IsActive: 1
--- !u!114 &1381381430
MonoBehaviour:
  m_ObjectHideFlags: 0
  m_CorrespondingSourceObject: {fileID: 0}
  m_PrefabInstance: {fileID: 0}
  m_PrefabAsset: {fileID: 0}
  m_GameObject: {fileID: 1381381429}
  m_Enabled: 1
  m_EditorHideFlags: 0
  m_Script: {fileID: 11500000, guid: 4f231c4fb786f3946a6b90b886c48677, type: 3}
  m_Name: 
  m_EditorClassIdentifier: 
  m_HorizontalAxis: Horizontal
  m_VerticalAxis: Vertical
  m_SubmitButton: Submit
  m_CancelButton: Cancel
  m_InputActionsPerSecond: 10
  m_RepeatDelay: 0.5
  m_ForceModuleActive: 0
--- !u!114 &1381381431
MonoBehaviour:
  m_ObjectHideFlags: 0
  m_CorrespondingSourceObject: {fileID: 0}
  m_PrefabInstance: {fileID: 0}
  m_PrefabAsset: {fileID: 0}
  m_GameObject: {fileID: 1381381429}
  m_Enabled: 1
  m_EditorHideFlags: 0
  m_Script: {fileID: 11500000, guid: 76c392e42b5098c458856cdf6ecaaaa1, type: 3}
  m_Name: 
  m_EditorClassIdentifier: 
  m_FirstSelected: {fileID: 0}
  m_sendNavigationEvents: 1
  m_DragThreshold: 10
--- !u!4 &1381381432
Transform:
  m_ObjectHideFlags: 0
  m_CorrespondingSourceObject: {fileID: 0}
  m_PrefabInstance: {fileID: 0}
  m_PrefabAsset: {fileID: 0}
  m_GameObject: {fileID: 1381381429}
  m_LocalRotation: {x: 0, y: 0, z: 0, w: 1}
  m_LocalPosition: {x: 0, y: 0, z: 0}
  m_LocalScale: {x: 1, y: 1, z: 1}
  m_Children: []
  m_Father: {fileID: 0}
  m_RootOrder: 3
  m_LocalEulerAnglesHint: {x: 0, y: 0, z: 0}
--- !u!1001 &1511667730
PrefabInstance:
  m_ObjectHideFlags: 0
  serializedVersion: 2
  m_Modification:
    m_TransformParent: {fileID: 0}
    m_Modifications:
    - target: {fileID: 3306399071939825472, guid: 7e09a6cdba2e8314ab03a6444c905b60,
        type: 3}
      propertyPath: m_Name
      value: Main Camera Base
      objectReference: {fileID: 0}
    - target: {fileID: 3306399071939825472, guid: 7e09a6cdba2e8314ab03a6444c905b60,
        type: 3}
      propertyPath: m_IsActive
      value: 0
      objectReference: {fileID: 0}
    - target: {fileID: 3306399071939825477, guid: 7e09a6cdba2e8314ab03a6444c905b60,
        type: 3}
      propertyPath: m_LocalPosition.x
      value: 0.8458394
      objectReference: {fileID: 0}
    - target: {fileID: 3306399071939825477, guid: 7e09a6cdba2e8314ab03a6444c905b60,
        type: 3}
      propertyPath: m_LocalPosition.y
      value: 4.584575
      objectReference: {fileID: 0}
    - target: {fileID: 3306399071939825477, guid: 7e09a6cdba2e8314ab03a6444c905b60,
        type: 3}
      propertyPath: m_LocalPosition.z
      value: 10.869295
      objectReference: {fileID: 0}
    - target: {fileID: 3306399071939825477, guid: 7e09a6cdba2e8314ab03a6444c905b60,
        type: 3}
      propertyPath: m_LocalRotation.x
      value: -0.000048015343
      objectReference: {fileID: 0}
    - target: {fileID: 3306399071939825477, guid: 7e09a6cdba2e8314ab03a6444c905b60,
        type: 3}
      propertyPath: m_LocalRotation.y
      value: 0.9996551
      objectReference: {fileID: 0}
    - target: {fileID: 3306399071939825477, guid: 7e09a6cdba2e8314ab03a6444c905b60,
        type: 3}
      propertyPath: m_LocalRotation.z
      value: -0.026199449
      objectReference: {fileID: 0}
    - target: {fileID: 3306399071939825477, guid: 7e09a6cdba2e8314ab03a6444c905b60,
        type: 3}
      propertyPath: m_LocalRotation.w
      value: -0.001832054
      objectReference: {fileID: 0}
    - target: {fileID: 3306399071939825477, guid: 7e09a6cdba2e8314ab03a6444c905b60,
        type: 3}
      propertyPath: m_RootOrder
      value: 1
      objectReference: {fileID: 0}
    - target: {fileID: 3306399071939825477, guid: 7e09a6cdba2e8314ab03a6444c905b60,
        type: 3}
      propertyPath: m_LocalEulerAnglesHint.x
      value: 11.873
      objectReference: {fileID: 0}
    - target: {fileID: 3306399071939825477, guid: 7e09a6cdba2e8314ab03a6444c905b60,
        type: 3}
      propertyPath: m_LocalEulerAnglesHint.y
      value: -52.843002
      objectReference: {fileID: 0}
    - target: {fileID: 3306399071939825477, guid: 7e09a6cdba2e8314ab03a6444c905b60,
        type: 3}
      propertyPath: m_LocalEulerAnglesHint.z
      value: 0
      objectReference: {fileID: 0}
    - target: {fileID: 3306399073450156801, guid: 7e09a6cdba2e8314ab03a6444c905b60,
        type: 3}
      propertyPath: m_LookAt
      value: 
      objectReference: {fileID: 1285781843}
    - target: {fileID: 3306399073450156801, guid: 7e09a6cdba2e8314ab03a6444c905b60,
        type: 3}
      propertyPath: m_Follow
      value: 
      objectReference: {fileID: 1285781843}
    - target: {fileID: 3306399071766082399, guid: 7e09a6cdba2e8314ab03a6444c905b60,
        type: 3}
      propertyPath: m_LocalRotation.x
      value: -0.86789644
      objectReference: {fileID: 0}
    - target: {fileID: 3306399071766082399, guid: 7e09a6cdba2e8314ab03a6444c905b60,
        type: 3}
      propertyPath: m_LocalRotation.y
      value: -0.49402142
      objectReference: {fileID: 0}
    - target: {fileID: 3306399071766082399, guid: 7e09a6cdba2e8314ab03a6444c905b60,
        type: 3}
      propertyPath: m_LocalRotation.z
      value: 0.03344943
      objectReference: {fileID: 0}
    - target: {fileID: 3306399071766082399, guid: 7e09a6cdba2e8314ab03a6444c905b60,
        type: 3}
      propertyPath: m_LocalRotation.w
      value: -0.039747823
      objectReference: {fileID: 0}
    - target: {fileID: 3306399071766082399, guid: 7e09a6cdba2e8314ab03a6444c905b60,
        type: 3}
      propertyPath: m_LocalPosition.x
      value: 0
      objectReference: {fileID: 0}
    - target: {fileID: 3306399071766082399, guid: 7e09a6cdba2e8314ab03a6444c905b60,
        type: 3}
      propertyPath: m_LocalPosition.y
      value: 0
      objectReference: {fileID: 0}
    - target: {fileID: 3306399071766082399, guid: 7e09a6cdba2e8314ab03a6444c905b60,
        type: 3}
      propertyPath: m_LocalPosition.z
      value: 0
      objectReference: {fileID: 0}
    - target: {fileID: 3306399071954410498, guid: 7e09a6cdba2e8314ab03a6444c905b60,
        type: 3}
      propertyPath: m_LocalRotation.z
      value: 0.020131722
      objectReference: {fileID: 0}
    - target: {fileID: 3306399071954410498, guid: 7e09a6cdba2e8314ab03a6444c905b60,
        type: 3}
      propertyPath: m_LocalRotation.w
      value: -0.047890186
      objectReference: {fileID: 0}
    - target: {fileID: 3306399071954410498, guid: 7e09a6cdba2e8314ab03a6444c905b60,
        type: 3}
      propertyPath: m_LocalRotation.y
      value: -0.2138951
      objectReference: {fileID: 0}
    - target: {fileID: 3306399071954410498, guid: 7e09a6cdba2e8314ab03a6444c905b60,
        type: 3}
      propertyPath: m_LocalRotation.x
      value: -0.97547436
      objectReference: {fileID: 0}
    - target: {fileID: 3306399071954410498, guid: 7e09a6cdba2e8314ab03a6444c905b60,
        type: 3}
      propertyPath: m_LocalPosition.x
      value: 0
      objectReference: {fileID: 0}
    - target: {fileID: 3306399071954410498, guid: 7e09a6cdba2e8314ab03a6444c905b60,
        type: 3}
      propertyPath: m_LocalPosition.y
      value: 0
      objectReference: {fileID: 0}
    - target: {fileID: 3306399071954410498, guid: 7e09a6cdba2e8314ab03a6444c905b60,
        type: 3}
      propertyPath: m_LocalPosition.z
      value: 0
      objectReference: {fileID: 0}
    - target: {fileID: 3306399073236143138, guid: 7e09a6cdba2e8314ab03a6444c905b60,
        type: 3}
      propertyPath: m_Targets.Array.data[1].target
      value: 
      objectReference: {fileID: 419111017}
    - target: {fileID: 3306399071939825499, guid: 7e09a6cdba2e8314ab03a6444c905b60,
        type: 3}
      propertyPath: trackingPosition.Array.data[0]
      value: 
      objectReference: {fileID: 974865988}
    - target: {fileID: 3306399071939825499, guid: 7e09a6cdba2e8314ab03a6444c905b60,
        type: 3}
      propertyPath: trackingPosition.Array.data[1]
      value: 
      objectReference: {fileID: 419111016}
    - target: {fileID: 3306399071939825499, guid: 7e09a6cdba2e8314ab03a6444c905b60,
        type: 3}
      propertyPath: trackingPosition.Array.data[2]
      value: 
      objectReference: {fileID: 1285781842}
    - target: {fileID: 3306399071939825499, guid: 7e09a6cdba2e8314ab03a6444c905b60,
        type: 3}
      propertyPath: targetTransform
      value: 
      objectReference: {fileID: 974865994}
    - target: {fileID: 406402055, guid: 7e09a6cdba2e8314ab03a6444c905b60, type: 3}
      propertyPath: m_LookAt
      value: 
      objectReference: {fileID: 1285781843}
    - target: {fileID: 406402055, guid: 7e09a6cdba2e8314ab03a6444c905b60, type: 3}
      propertyPath: m_Follow
      value: 
      objectReference: {fileID: 974865994}
    - target: {fileID: 8868268123932383084, guid: 7e09a6cdba2e8314ab03a6444c905b60,
        type: 3}
      propertyPath: m_LocalPosition.z
      value: 0
      objectReference: {fileID: 0}
    - target: {fileID: 3306399073450156800, guid: 7e09a6cdba2e8314ab03a6444c905b60,
        type: 3}
      propertyPath: m_LocalPosition.x
      value: 0
      objectReference: {fileID: 0}
    - target: {fileID: 3306399073450156800, guid: 7e09a6cdba2e8314ab03a6444c905b60,
        type: 3}
      propertyPath: m_LocalPosition.y
      value: 0
      objectReference: {fileID: 0}
    - target: {fileID: 3306399073450156800, guid: 7e09a6cdba2e8314ab03a6444c905b60,
        type: 3}
      propertyPath: m_LocalPosition.z
      value: 0
      objectReference: {fileID: 0}
    - target: {fileID: 3306399073236143139, guid: 7e09a6cdba2e8314ab03a6444c905b60,
        type: 3}
      propertyPath: m_LocalPosition.x
      value: 0.80599594
      objectReference: {fileID: 0}
    - target: {fileID: 3306399073236143139, guid: 7e09a6cdba2e8314ab03a6444c905b60,
        type: 3}
      propertyPath: m_LocalPosition.y
      value: -1.0927866
      objectReference: {fileID: 0}
    - target: {fileID: 3306399073236143139, guid: 7e09a6cdba2e8314ab03a6444c905b60,
        type: 3}
      propertyPath: m_LocalPosition.z
      value: 10.9445915
      objectReference: {fileID: 0}
    - target: {fileID: 3306399072740910553, guid: 7e09a6cdba2e8314ab03a6444c905b60,
        type: 3}
      propertyPath: m_LocalRotation.x
      value: -0.9938121
      objectReference: {fileID: 0}
    - target: {fileID: 3306399072740910553, guid: 7e09a6cdba2e8314ab03a6444c905b60,
        type: 3}
      propertyPath: m_LocalRotation.y
      value: -0.09817748
      objectReference: {fileID: 0}
    - target: {fileID: 3306399072740910553, guid: 7e09a6cdba2e8314ab03a6444c905b60,
        type: 3}
      propertyPath: m_LocalRotation.z
      value: 0.0143843945
      objectReference: {fileID: 0}
    - target: {fileID: 3306399072740910553, guid: 7e09a6cdba2e8314ab03a6444c905b60,
        type: 3}
      propertyPath: m_LocalRotation.w
      value: -0.049918406
      objectReference: {fileID: 0}
    - target: {fileID: 3306399072740910553, guid: 7e09a6cdba2e8314ab03a6444c905b60,
        type: 3}
      propertyPath: m_LocalPosition.x
      value: 0
      objectReference: {fileID: 0}
    - target: {fileID: 3306399072740910553, guid: 7e09a6cdba2e8314ab03a6444c905b60,
        type: 3}
      propertyPath: m_LocalPosition.y
      value: 0
      objectReference: {fileID: 0}
    - target: {fileID: 3306399072740910553, guid: 7e09a6cdba2e8314ab03a6444c905b60,
        type: 3}
      propertyPath: m_LocalPosition.z
      value: 0
      objectReference: {fileID: 0}
    - target: {fileID: 6556202837069361625, guid: 7e09a6cdba2e8314ab03a6444c905b60,
        type: 3}
      propertyPath: m_LocalPosition.z
      value: -0.0000000032888
      objectReference: {fileID: 0}
    - target: {fileID: 6556202837069361625, guid: 7e09a6cdba2e8314ab03a6444c905b60,
        type: 3}
      propertyPath: m_AnchoredPosition.x
      value: -0.76
      objectReference: {fileID: 0}
    - target: {fileID: 6556202837069361625, guid: 7e09a6cdba2e8314ab03a6444c905b60,
        type: 3}
      propertyPath: m_AnchoredPosition.y
      value: -4.6566e-10
      objectReference: {fileID: 0}
    - target: {fileID: 7336551467834309738, guid: 7e09a6cdba2e8314ab03a6444c905b60,
        type: 3}
      propertyPath: m_RaycastTarget
      value: 0
      objectReference: {fileID: 0}
    m_RemovedComponents: []
  m_SourcePrefab: {fileID: 100100000, guid: 7e09a6cdba2e8314ab03a6444c905b60, type: 3}
